@inproceedings{ Xie:05:LUI,
    author = {Xing Xie and Hao Liu and Simon Goumaz and Wei-Ying Ma},
    title = {Learning user interest for image browsing on small-form-factor devices},
    booktitle = {Proceedings of ACM SIGCHI 2005},
    year = {2005},
    pages = {671--680},
}

@inproceedings{ Christopoulos:05:TJS,
    author = {Charilaos Christopoulos and Athanassios Skodras and Touradj Ebrahimi},
    title = {The JPEG2000 still image coding system: an overview},
    booktitle = {Consumer Electronics, IEEE Transactions on},
    year = {2000},
    pages = {1103--1127},
}

@misc{ Chang:99:WF,
    author = "E. Chang and S. Mallat and C. Yap",
    title = "Wavelet Foveation",
    year = "1999",
    url = "citeseer.ist.psu.edu/article/chang99wavelet.html"
}

@article{ Mohan:99:AMI,
    author = "Rakesh Mohan and John R. Smith and Chung-Sheng Li",
    title = "Adapting Multimedia Internet Content for Universal Access",
    journal = "IEEE Transactions on Multimedia",
    volume = "1",
    number = "1",
    pages = "104--114",
    year = "1999",
    url = "citeseer.ist.psu.edu/mohan99adapting.html"
}

@article{ Smith:98:CTI,
    author = "Smith, J.R. and Mohan, R. and Chung-Sheng Li",
    title = "Content-based transcoding of images in the Internet",
    journal = "Image Processing, 1998. ICIP 98. Proceedings. 1998 International Conference on",
    volume = "3",
    pages = "7--11",
    year = "1998",
}

@inproceedings{ Liu:03:ABL,
    author = {Hao Liu and Xing Xie and Wei-Ying Ma and Hong-Jiang Zhang},
    title = {Automatic browsing of large pictures on mobile devices},
    booktitle = {MULTIMEDIA '03: Proceedings of the eleventh ACM international conference on Multimedia},
    year = {2003},
    isbn = {1-58113-722-2},
    pages = {148--155},
    location = {Berkeley, CA, USA},
    doi = {http://doi.acm.org/10.1145/957013.957045},
    publisher = {ACM Press},
    address = {New York, NY, USA},
}

@inproceedings{ Lee:01:PIT,
    author = {Lee K and Chang HS and Chun SS and Choi L and Sull S},
    title = {Perceptionbased image transcoding for universal multimedia access},
    booktitle = {Proceedings of the 8th international conference on image processing (ICIP-2001)},
    year = {2001},
    pages = {475--478},
}

@inproceedings{ Suh:03:ATC,
    author = {Bongwon Suh and Haibin Ling and Benjamin B. Bederson and David W. Jacobs},
    title = {Automatic thumbnail cropping and its effectiveness},
    booktitle = {UIST '03: Proceedings of the 16th annual ACM symposium on User interface software and technology},
    year = {2003},
    isbn = {1-58113-636-6},
    pages = {95--104},
    location = {Vancouver, Canada},
    doi = {http://doi.acm.org/10.1145/964696.964707},
    publisher = {ACM Press},
    address = {New York, NY, USA},
}

@inproceedings{ Wang:03:MBP,
    author = {Ming-Yu Wang and Xing Xie and Wei-Ying Ma and Hong-Jiang Zhang},
    title = {MobiPicture: browsing pictures on mobile devices},
    booktitle = {MULTIMEDIA '03: Proceedings of the eleventh ACM international conference on Multimedia},
    year = {2003},
    isbn = {1-58113-722-2},
    pages = {106--107},
    location = {Berkeley, CA, USA},
    doi = {http://doi.acm.org/10.1145/957013.957037},
    publisher = {ACM Press},
    address = {New York, NY, USA},
}

@article{ Rutishauser:04:IBA,
    author = "Ueli Rutishauser and Dirk Walther and Christof Koch and Pietro Perona",
    title = "Is Bottom-Up Attention Useful for Object Recognition?",
    journal = "2004 IEEE Computer Society Conference on Computer Vision and Pattern Recognition (CVPR'04)",
    volume = "2",
    pages = "37--44",
    year = "2004",
}


@article{ Rutishauser:04:OTU,
    author = "Rutishauser, U. and Walther, D. and Koch, C. and Persona P.",
    title = "On the usefulness of attention for object recognition",
    journal = "In 2nd International Workshop on Attention and performance in Computational Vision 2004",
    pages = "96--103",
    location = {Prague, Csech Republic},
    year = "2004",
}

@article{ Walther:05:SVA,
    author = {Dirk Walther and Ueli Rutishauser and Christof Koch and Pietro Perona},
    title = {Selective visual attention enables learning and recognition of multiple objects in cluttered scenes},
    journal = {Comput. Vis. Image Underst.},
    volume = {100},
    number = {1-2},
    year = {2005},
    issn = {1077-3142},
    pages = {41--63},
    doi = {http://dx.doi.org/10.1016/j.cviu.2004.09.004},
    publisher = {Elsevier Science Inc.},
    address = {New York, NY, USA},
}

@article{ Bamidele:04:AAA,
    author = {A. Bamidele and F. W M Stentiford and F. W. M. Stentiford and J. Morphett},
    title = {An Attention-Based Approach to Content-Based Image Retrieval},
    journal = {BT Technology Journal},
    volume = {22},
    number = {3},
    year = {2004},
    issn = {1358-3948},
    pages = {151--160},
    doi = {http://dx.doi.org/10.1023/B:BTTJ.0000047129.83260.79},
    publisher = {Kluwer Academic Publishers},
    address = {Hingham, MA, USA},
}

@inproceedings{ Wang:04:DAB,
    author = {Xin-Jing Wang and Wei-Ying Ma and Xing Li},
    title = {Data-driven approach for bridging the cognitive gap in image retrieval},
    booktitle = {Multimedia and Expo, 2004. ICME '04. 2004 IEEE International Conference on},
    year = {2004},
    isbn = {0-7803-8603-5},
    volume = {3},
    pages = {2231--2234},
}

@article{ Koch:85:SSV,
    author = {Koch, C.  and Ullman, S. },
    citeulike-article-id = {941911},
    issn = {0721-9075},
    journal = {Hum Neurobiol},
    keywords = {attention saliency},
    number = {4},
    pages = {219--227},
    priority = {3},
    title = {Shifts in selective visual attention: towards the underlying neural circuitry.},
    volume = {4},
    year = {1985}
}

@article{ Treisman:80:AFT,
    author = {Treisman, A. M.  and Gelade, G. },
    citeulike-article-id = {141654},
    issn = {0010-0285},
    journal = {Cognit Psychol},
    keywords = {attention},
    month = {January},
    number = {1},
    pages = {97--136},
    priority = {0},
    title = {A feature-integration theory of attention.},
    volume = {12},
    year = {1980}
}

@article{ Gottlieb:98:TRV,
    author = {{Gottlieb}, J.~P. and {Kusunoki}, M. and {Goldberg}, M.~E.},
    title = "{The representation of visual salience in monkey parietal cortex}",
    journal = {nat},
    year = 1998,
    month = jan,
    volume = 391,
    pages = {481--484},
    doi = {10.1038/35135},
    adsnote = {Provided by the Smithsonian/NASA Astrophysics Data System}
}

@article{ Itti:98:AMS,
    author = "Laurent Itti and Christof Koch and Ernst Niebur",
    title = "A Model of Saliency-Based Visual Attention for Rapid Scene Analysis",
    journal = "IEEE Transactions on Pattern Analysis and Machine Intelligence",
    volume = "20",
    number = "11",
    pages = "1254--1259",
    year = "1998",
    url = "citeseer.ist.psu.edu/itti98model.html"
}

@inproceedings{ Itti:98:ACF,
    author = "Itti, L. and Koch, C.",
    title = "A comparison of feature combination strateies for saliency-based visual attention systems",
    booktitle = "In Proceedings of SPIE Human Vision and Electronic Imaging IV (HVEI '99)",
    volume = "3644",
    pages = "473--482",
    year = "1999",
    location = "San Jose, CA"
}

@article{ Treisman:88:FAE,
    author = "Treisman, A. and Gormican, S.",
    title = "Feature analysis in early vision: evidence from search asymmetries",
    journal = "Psychology Review 95",
    pages = "15--48",
    year = "1988",
}

@inproceedings{ Ma:03:CIA,
    author = {Yu-Fei Ma and Hong-Jiang Zhang},
    title = {Contrast-based image attention analysis by using fuzzy growing},
    booktitle = {Proceedings of ACM Multimedia 2003},
    year = {2003},
    pages = {374--381},
}

@inproceedings{ Deng:99:PGF,
    author = {Deng, Yining   and Kenney, C.  and Moore, M.  and Manjunath, B. },
    journal = {Circuits and Systems, 1999. ISCAS '99. Proceedings of the 1999 IEEE International Symposium on},
    pages = {21--24},
    title = {Peer group filtering and perceptual color image quantization},
    url = {http://ieeexplore.ieee.org/xpls/abs_all.jsp?arnumber=779933},
    volume = {4},
    year = {1999}
}

@article{ Sahoo:97:TSU,
    author = {{Sahoo}, P.~K. and {Slaaf}, D.~W. and {Albert}, T.~A.},
    title = "{Threshold selection using a minimal histogram entropy difference}",
    journal = {Optical Engineering},
    year = 1997,
    month = jul,
    volume = 36,
    pages = {1976-1981},
    adsurl = {http://adsabs.harvard.edu/cgi-bin/nph-bib_query?bibcode=1997OptEn..36.1976S&db_key=PHY},
    adsnote = {Provided by the Smithsonian/NASA Astrophysics Data System}
}

@inproceedings{ Hu:2005:RSA,
    author = {Yiqun Hu and Deepu Rajan and Liang-Tien Chia},
    title = {Robust subspace analysis for detecting visual attention regions in images},
    booktitle = {Proceedings of ACM Multimedia 2005},
    year = {2005},
    pages = {716--724},
}

@misc{ Vidal:03:GPC,
    author = "Rene Vidal and Yi Ma",
    title = "Generalized Principal Component Analysis (GPCA)",
    url = "citeseer.ist.psu.edu/676036.html"
}

@phdthesis{ Vidal:03:PHD,
    Author = {Rene E. Vidal},
    Title = {Generalized Principal Component Analysis (GPCA): An Algebraic Geometric Approach to Subspace Clustering and Motion Segmentation},
    School = {EECS Department, University of California, Berkeley},
    Year = {2003},
    URL = {http://www.eecs.berkeley.edu/Pubs/TechRpts/2003/4159.html},
    Number = {UCB/ERL M03/35}
}

@book{ Parasuraman:98:TAB,
    author = {Raja Parasuraman},
    title = {The Attentive Brain},
    publisher = {The MIT Press},
    year = {1998},
    month = {May}
}

@inproceedings{ Chen:03:AVA,
    author = {Chen, L. Q. and Xie, X. and Fan, X. and Ma, W. Y. and Zhang, H. J. and Zhou, H. Q.},
    title = {A visual attention model for adapting images on small displays},
    booktitle = {ACM Multimedia System Journal},
    volume = {9},
    year = {2003},
}

@inproceedings{ Liu:05:ARS,
    author = {Song Liu and Liang-Tien Chia and Deepu Rajan},
    title = {Attention region selection with information from professional digital camera},
    booktitle = {MULTIMEDIA '05: Proceedings of the 13th annual ACM international conference on Multimedia},
    year = {2005},
    isbn = {1-59593-044-2},
    pages = {391--394},
    location = {Hilton, Singapore},
    doi = {http://doi.acm.org/10.1145/1101149.1101233},
    publisher = {ACM Press},
    address = {New York, NY, USA},
}

@article{ Russell:05:LMD,
    author = {Russell, B. C.  and Torralba, A.  and Murphy, K. P.  and Freeman, W. T. },
    citeulike-article-id = {942278},
    journal = {MIT AI Lab Memo AIM-2005-025},
    keywords = {labelme},
    priority = {2},
    title = {LabelMe: a Database and Web-Based Tool for Image Annotation},
    year = {2005}
}

@article{Ahn:2006:GWP,
    author = {Luis von Ahn},
    journal = {IEEE Computer},
    title = {Games with a Purpose},
    pages = {96--98},
    year = {2006}
}

@inproceedings{Ahn:04:LIC,
    author = {Luis von Ahn and Laura Dabbish},
    title = {Labeling images with a computer game},
    booktitle = {Proceedings of ACM SIGCHI 2004},
    year = {2004},
    pages = {319--326},
}

@inproceedings{ Ahn:06:PGL,
    author = {Luis von Ahn and Ruoran Liu and Manuel Blum},
    title = {Peekaboom: a game for locating objects in images},
    booktitle = {Proceedings of ACM SIGCHI 2006},
    year = {2006},
    pages = {55--64},
}

@inproceedings{ Osberger:98:AIP,
    author = {Wilfried Osberger and Anthony J. Maeder},
    title = {Automatic Identification of Perceptually Important Regions in an Image},
    booktitle = {Proceedings of ICPR 1998},
    year = {1998},
    pages = {701--704},
}

@inproceedings{ Stoev:00:ERI,
    author = "Stanislav L. Stoev and Wolfgang Straser",
    title = "Extracting regions of interest applying a local watershed transformation",
    booktitle = "{IEEE} Visualization",
    pages = "21-28",
    year = "2000",
    url = "citeseer.ist.psu.edu/stoev00extracting.html"
}


@INPROCEEDINGS{Snoek:2006:ACM,
  AUTHOR = {C. G.M. Snoek and M. Worring and J. C. van Gemert and J.-M. Geusebroek and A. W.M. Smeulders},
  TITLE = {The Challenge Problem for Automated Detection of 101 Semantic Concepts in Multimedia},
  BOOKTITLE = {ACM Multimedia},
  PAGES = {421-430},
  YEAR = {2006}
}

@INPROCEEDINGS{Seitz:2006:ACE,
  AUTHOR = {Steven M. Seitz and Brian Curless and James Diebel and Daniel Scharstein and Richard Szeliski},
  TITLE = {A comparison and Evaluation of Multi-View Stereo Reconstruction Algorithms},
  BOOKTITLE = {Proceedings of CVPR 2006},
  PAGES = {519-526},
  YEAR = {2006}
}

@article{Scharstein:2002:ATE,
    author = {Daniel Scharstein and Richard Szeliski},
    journal = {International Journal of Computer Vision},
    title = {A Taxonomy and Evaluation of Dense Two-Frame Stereo Correspondence Algorithms},
    volume = {47},
    number = {3},
    pages = {7--42},
    year = {2002}
}

@INPROCEEDINGS{Clauss:2004:ASM,
  AUTHOR = {Martin Clauss and Pierre Bayerl and Heiko Neumann},
  TITLE = {A statistical measure for evaluating regions-of-interest based attention algorithms},
  BOOKTITLE = {Proceedings of 26th Pattern Recognition Symposium (DAGM 2004)},
  PAGES = {383-390},
  YEAR = {2004}
}


@article{Privitera:2000:ADV,
    author = {Claudio M. Privitera and Lawrence W. Stark},
    title = {Algorithms for Defining Visual Regions-of-Interest: Comparison with Eye Fixations},
    journal = {IEEE Transactions on Pattern Analysis Machine Intelligence},
    volume = {22},
    number = {9},
    year = {2000},
    pages = {970--982},
}

@article{Nguyen:2006:GTR,
    author = {Anthony Nguyen and Vinod Chandran and Sridha Sridharan},
    title = {Gaze Tracking for Region of Interest Coding in {JPEG} 2000},
    journal = {Signal Processing: Image Communication},
    volume = {21},
    number = {5},
    year = {2006},
    pages = {359--377},
}

@article{Frey:2007:CPM,
    author = {Brendan J. Frey and Delbert Dueck},
    title = {Clustering by Passing Messages Between Data Points},
    journal = {Science},
    volume = {315},
    year = {2007},
    pages = {972--976},
}

@inproceedings{Wooding:2002:FMQ,
    author = {David S. Wooding},
    title = {Fixation maps: quantifying eye-movement traces},
    booktitle = {Proceedings of the 2002 symposium on Eye tracking research \& applications},
    year = {2002},
    pages = {31--36},
}

@inproceedings{Santella:2004:RCE,
    author = {Anthony Santella and Doug DeCarlo},
    title = {Robust clustering of eye movement recordings for quantification of visual interest},
    booktitle = {Proceedings of the 2004 symposium on Eye tracking research \& applications},
    year = {2004},
    pages = {27--34},
}

@article{Rowe:2005:ASR,
 author = {Lawrence A. Rowe and Ramesh Jain},
 title = {ACM SIGMM retreat report on future directions in multimedia research},
 journal = {ACM Transactions on Multimedia Computing, Communications, and Applications},
 volume = {1},
 number = {1},
 year = {2005},
 pages = {3--13},
}

@MISC{TRECVID,
    AUTHOR      = {NIST},
    TITLE       = {\url{http://www-nlpir.nist.gov/projects/trecvid/}}
}

@techreport{Griffin:2007:COC,
    Author = {G. Griffin and A. Holub and P. Perona},
    Title = {Caltech-256 Object Category Dataset},
    Institution = {California Institute of Technology},
    Year = {2007},
    URL = {http://www.vision.caltech.edu/Image_Datasets/Caltech256},
    Number = {UCB/CSD-04-1366}
}

@MISC{CMU,
    AUTHOR      = {Henry A. Rowley and Shumeet Baluja and Takeo Kanade},
    TITLE       = {\url{http://vasc.ri.cmu.edu/NNFaceDetector/}}
}

@book{NumRecipes,
    author = {Press, William  H.  and Flannery, Brian  P.  and Teukolsky, Saul  A.  and Vetterling, William  T. },
    publisher = {Cambridge University Press},
    title = {Numerical Recipes in C : The Art of Scientific Computing},
    year = {1992}
}

@article{Swain:1991:CI,
    author = {Michael J. Swain and Dana H. Ballard},
    title = {Color indexing},
    journal = {International Journal of Computer Vision},
    volume = {7},
    number = {1},
    year = {1991},
    pages = {11--32},
}
